@misc{website:gnu-hurd,
  author  = "GNU Org",
  title   = "https://www.gnu.org/software/hurd/hurd.html",
  url     = "https://www.gnu.org/software/hurd/hurd.html"
},

@misc{website:brinkmann-hurd,
  author  = "Marcus Brinkmann",
  title   = "The Hurd, a presentation by Markus Brinkmann",
  url     = "https://www.gnu.org/software/hurd/hurd-talk.html"
}

